@misc{VirginPulse:2023,
    author={{Virgin Pulse}},
    url={https://www.virginpulse.com/press-releases/virgin-pulse-and-healthcomp-complete-merger/},
    journal={Virgin Pulse},
    year={2023},
    month={11}
}

@misc{PersonifyHealth:2024, 
    author={{Personify Health}},
    title={Virgin pulse and HealthComp introduce combined company as Personify Health}, 
    url={https://www.prnewswire.com/news-releases/virgin-pulse-and-healthcomp-introduce-combined-company-as-personify-health-302055387.html}, 
    journal={PR Newswire: press release distribution, targeting, monitoring and marketing}, 
    year={2024}, 
    month={2}
}

@misc{VirginPulse:2024,
    title={Virgin Pulse Career Center},
    url={https://careers-virginpulse.icims.com/jobs/intro},
    journal={Personalized Health Platform Company | Personify Health},
    author={{Virgin Pulse}},
    year={2024},
    month={4},
}

@misc{BBB:2023,
    title={BBB Scam Tracker | Scam ID \#772647},
    url={https://www.bbb.org/scamtracker/lookupscam/772647},
    journal={BBB Scam Tracker},
    author={{Better Business Bureau}},
    year={2023},
    month={11}
} 

@article{Dawkins:2023,
    DOI={10.6028/nist.tn.2276}, 
    journal={NIST Phish Scale User Guide},
    author={Dawkins, Shanee},
    year={2023}, 
    month={11}
} 

@misc{IBM,
    title={What is the MITRE ATT\&CK framework?},
    url={https://www.ibm.com/topics/mitre-attack},
    journal={MITRE ATT&CK framework | IBM},
    author={{IBM}},
}

@misc{Lazarus:2023, 
    author={Ari Lazarus},
    title={How to spot the latest job scams}, 
    url={https://consumer.ftc.gov/consumer-alerts/2023/12/how-spot-latest-job-scams}, 
    journal={FTC Consumer Alert}, 
    year={2023}, 
    month={12},
    day={11},
}

@misc{FCC:2023, 
    author={{FCC Consumer and Governmental Affairs}},
    title={Tax Season Scams and Taxpayer ID Theft}, 
    url={https://www.fcc.gov/tax-season-phone-scams-and-taxpayer-id-theft}, 
    journal={FCC}, 
    year={2024}, 
    month={4},
    day={4},
}

@misc{Heath:2024, 
    author={Ryan Heath},
    title={Job scams skyrocket}, 
    url={https://www.axios.com/2024/01/30/job-scams-employment-fake-offers}, 
    journal={Axios}, 
    year={2024}, 
    month={1},
    day={30},
}

@misc{Hebert:2024,
    title={Job scams},
    url={https://consumer.ftc.gov/articles/job-scams#what%20to%20do},
    journal={Consumer Advice},
    author={Hebert, Amy and Tressler, Colleen and Rayo, Andrew and Puig, Alvaro},
    year={2024},
    month={3}
}